<record><leader>00000cas a22000007a 4500</leader><controlfield tag="001">20962923</controlfield><controlfield tag="008">900126d18951914moudn ne      0    0eng d</controlfield><datafield ind1=" " ind2=" " tag="010"><subfield code="a">sn 90061071 </subfield></datafield><datafield ind1=" " ind2=" " tag="040"><subfield code="a">MQN</subfield><subfield code="b">eng</subfield><subfield code="c">MQN</subfield><subfield code="d">OCLCQ</subfield></datafield><datafield ind1=" " ind2=" " tag="042"><subfield code="a">msc</subfield></datafield><datafield ind1="0" ind2="4" tag="245"><subfield code="a">The Sedalia daily capital.</subfield></datafield><datafield ind1="1" ind2="3" tag="246"><subfield code="a">Capital-gazette</subfield><subfield code="f">Sept. 3, 1895-Jan. 15, 1906</subfield></datafield><datafield ind1=" " ind2=" " tag="260"><subfield code="a">Sedalia, Mo. :</subfield><subfield code="b">Capital Print. Co.,</subfield><subfield code="c">1895-1914.</subfield></datafield><datafield ind1=" " ind2=" " tag="300"><subfield code="a">v.</subfield></datafield><datafield ind1=" " ind2=" " tag="310"><subfield code="a">Daily (except Mon.)</subfield></datafield><datafield ind1="0" ind2=" " tag="362"><subfield code="a">Vol. 1, no. 1 (May 2, 1895)-v. 25, no. 260 (Oct. 31, 1914).</subfield></datafield><datafield ind1=" " ind2="4" tag="651"><subfield code="a">Sedalia (Mo.)</subfield><subfield code="v">Newspapers.</subfield></datafield><datafield ind1=" " ind2=" " tag="752"><subfield code="a">United States</subfield><subfield code="b">Missouri</subfield><subfield code="c">Pettis</subfield><subfield code="d">Sedalia.</subfield></datafield><datafield ind1="0" ind2="5" tag="780"><subfield code="t">Sedalia morning gazette</subfield><subfield code="w">(DLC)sn 90061069</subfield></datafield><datafield ind1="0" ind2="5" tag="780"><subfield code="t">Smithton sunbeam</subfield><subfield code="w">(DLC)sn 90061618</subfield></datafield><datafield ind1="0" ind2="0" tag="785"><subfield code="t">Sedalia capital</subfield><subfield code="w">(DLC)sn 86063973</subfield></datafield><datafield ind1="1" ind2=" " tag="029"><subfield code="a">AU@</subfield><subfield code="b">000020592364</subfield></datafield></record>